<?xml version="1.0" encoding="UTF-8"?>
<record xmlns="http://www.loc.gov/MARC21/slim" xmlns:cinclude="http://apache.org/cocoon/include/1.0"
  xmlns:zs="http://www.loc.gov/zing/srw/">
  <leader>03100cka a22005537a 4500</leader>
  <controlfield tag="001">11649116</controlfield>
  <controlfield tag="005">20131127194944.0</controlfield>
  <controlfield tag="007">kh|boc</controlfield>
  <controlfield tag="007">cr||||</controlfield>
  <controlfield tag="008">950517q18991900gaunnn | kn </controlfield>
  <datafield tag="035" ind1=" " ind2=" ">
    <subfield code="9">(DLC) 95507126</subfield>
  </datafield>
  <datafield tag="035" ind1=" " ind2=" ">
    <subfield code="a">(DLC)11649116</subfield>
  </datafield>
  <datafield tag="906" ind1=" " ind2=" ">
    <subfield code="a">7</subfield>
    <subfield code="b">cbc</subfield>
    <subfield code="c">orignew</subfield>
    <subfield code="d">u</subfield>
    <subfield code="e">ncip</subfield>
    <subfield code="f">19</subfield>
    <subfield code="g">y-printpho</subfield>
  </datafield>
  <datafield tag="955" ind1=" " ind2=" ">
    <subfield code="a">qw05</subfield>
  </datafield>
  <datafield tag="010" ind1=" " ind2=" ">
    <subfield code="a"> 95507126 </subfield>
  </datafield>
  <datafield tag="037" ind1=" " ind2=" ">
    <subfield code="a">LC-DIG-ppmsca-08778</subfield>
    <subfield code="b">DLC</subfield>
    <subfield code="c">(digital file from original photograph)</subfield>
  </datafield>
  <datafield tag="037" ind1=" " ind2=" ">
    <subfield code="a">LC-USZ62-114272</subfield>
    <subfield code="b">DLC</subfield>
    <subfield code="c">(b&amp;w film copy neg.)</subfield>
  </datafield>
  <datafield tag="040" ind1=" " ind2=" ">
    <subfield code="a">DLC</subfield>
    <subfield code="c">DLC</subfield>
    <subfield code="d">DLC</subfield>
    <subfield code="e">gihc</subfield>
  </datafield>
  <datafield tag="050" ind1="0" ind2="0">
    <subfield code="a">LOT 11930,</subfield>
    <subfield code="b">no. 362</subfield>
  </datafield>
  <datafield tag="100" ind1="1" ind2=" ">
    <subfield code="a">Askew, Thomas E.,</subfield>
    <subfield code="d">1850?-1914,</subfield>
    <subfield code="e">photographer</subfield>
  </datafield>
  <datafield tag="245" ind1="1" ind2="0">
    <subfield code="a">[Four African American women seated on steps of building at Atlanta
      University, Georgia]</subfield>
    <subfield code="h">[graphic].</subfield>
  </datafield>
  <datafield tag="260" ind1=" " ind2=" ">
    <subfield code="c">[1899 or 1900]</subfield>
  </datafield>
  <datafield tag="300" ind1=" " ind2=" ">
    <subfield code="a">1 photographic print :</subfield>
    <subfield code="b">gelatin silver.</subfield>
  </datafield>
  <datafield tag="500" ind1=" " ind2=" ">
    <subfield code="a">Untitled photo in album (disbound): Negro life in Georgia, U.S.A., compiled
      and prepared by W.E.B. Du Bois, v. 4, no. 362.</subfield>
  </datafield>
  <datafield tag="500" ind1=" " ind2=" ">
    <subfield code="a">Title and photographer attribution based on research by D. Willis in Small
      nation of people.</subfield>
  </datafield>
  <datafield tag="506" ind1=" " ind2=" ">
    <subfield code="a">Served by appointment only. Material requires special handling. For more
      information, see</subfield>
    <subfield code="u">http://www.loc.gov/rr/print/info/617_apptonly.html</subfield>
  </datafield>
  <datafield tag="530" ind1=" " ind2=" ">
    <subfield code="a">B&amp;w copy prints for LOT 11930 are provided as surrogates of original
      photographs for reference use in P&amp;P Reading Room. A microfilm surrogate is also
      available.</subfield>
  </datafield>
  <datafield tag="540" ind1=" " ind2=" ">
    <subfield code="a">No known restrictions on publication.</subfield>
  </datafield>
  <datafield tag="545" ind1=" " ind2=" ">
    <subfield code="a">For more information about this collection, see</subfield>
    <subfield code="u">http://hdl.loc.gov/loc.pnp/pp.anedub</subfield>
  </datafield>
  <datafield tag="580" ind1=" " ind2=" ">
    <subfield code="a">Forms part of: Daniel Murray Collection (Library of Congress).</subfield>
  </datafield>
  <datafield tag="581" ind1="8" ind2=" ">
    <subfield code="a">Published in: Small nation of people ... / Library of Congress ... New York:
      Amistad, 2003, p. 62-63.</subfield>
  </datafield>
  <datafield tag="585" ind1=" " ind2=" ">
    <subfield code="a">Exhibited: American Treasures of the Library of Congress, 2005.</subfield>
  </datafield>
  <datafield tag="650" ind1=" " ind2="4">
    <subfield code="a">African Americans</subfield>
    <subfield code="x">Women</subfield>
    <subfield code="z">Georgia</subfield>
    <subfield code="z">Atlanta</subfield>
    <subfield code="y">1890-1900.</subfield>
  </datafield>
  <datafield tag="650" ind1=" " ind2="7">
    <subfield code="a">Clothing &amp; dress</subfield>
    <subfield code="z">Georgia</subfield>
    <subfield code="z">Atlanta</subfield>
    <subfield code="y">1890-1900.</subfield>
    <subfield code="2">lctgm</subfield>
  </datafield>
  <datafield tag="650" ind1=" " ind2="7">
    <subfield code="a">Students</subfield>
    <subfield code="z">Georgia</subfield>
    <subfield code="z">Atlanta</subfield>
    <subfield code="y">1890-1900.</subfield>
    <subfield code="2">lctgm</subfield>
  </datafield>
  <datafield tag="655" ind1=" " ind2="7">
    <subfield code="a">Portrait photographs</subfield>
    <subfield code="y">1890-1900.</subfield>
    <subfield code="2">gmgpc</subfield>
  </datafield>
  <datafield tag="655" ind1=" " ind2="7">
    <subfield code="a">Group portraits</subfield>
    <subfield code="y">1890-1900.</subfield>
    <subfield code="2">gmgpc</subfield>
  </datafield>
  <datafield tag="655" ind1=" " ind2="7">
    <subfield code="a">Gelatin silver prints</subfield>
    <subfield code="y">1890-1900.</subfield>
    <subfield code="2">gmgpc</subfield>
  </datafield>
  <datafield tag="700" ind1="1" ind2=" ">
    <subfield code="a">Du Bois, W. E. B.</subfield>
    <subfield code="q">(William Edward Burghardt),</subfield>
    <subfield code="d">1868-1963,</subfield>
    <subfield code="e">collector.</subfield>
  </datafield>
  <datafield tag="773" ind1="0" ind2=" ">
    <subfield code="a">Du Bois, W. E. B. (William Edward Burghardt), 1868-1963.</subfield>
    <subfield code="t">Du Bois albums of photographs of African Americans in Georgia exhibited at
      the Paris Exposition Universelle in 1900</subfield>
    <subfield code="w">(DLC) 99471631</subfield>
  </datafield>
  <datafield tag="852" ind1=" " ind2=" ">
    <subfield code="a">Library of Congress</subfield>
    <subfield code="b">Prints and Photographs Division</subfield>
    <subfield code="e">Washington, D.C. 20540 USA</subfield>
    <subfield code="n">dcu</subfield>
    <subfield code="u">http://hdl.loc.gov/loc.pnp/pp.print</subfield>
  </datafield>
  <datafield tag="856" ind1="4" ind2="1">
    <subfield code="3">digital file from original photograph</subfield>
    <subfield code="d">ppmsca</subfield>
    <subfield code="f">08778</subfield>
    <subfield code="q">p</subfield>
    <subfield code="u">http://hdl.loc.gov/loc.pnp/ppmsca.08778</subfield>
  </datafield>
  <datafield tag="856" ind1="4" ind2="1">
    <subfield code="3">digital file from b&amp;w film copy neg.</subfield>
    <subfield code="d">cph</subfield>
    <subfield code="f">3c14272</subfield>
    <subfield code="q">p</subfield>
    <subfield code="u">http://hdl.loc.gov/loc.pnp/cph.3c14272</subfield>
  </datafield>
  <datafield tag="952" ind1=" " ind2=" ">
    <subfield code="a">Original albums filed in PR 12 under LOT 11930</subfield>
  </datafield>
  <datafield tag="985" ind1=" " ind2=" ">
    <subfield code="a">pp/anedub</subfield>
  </datafield>
  <datafield tag="985" ind1=" " ind2=" ">
    <subfield code="a">pp/flickrppoc</subfield>
  </datafield>
  <datafield tag="985" ind1=" " ind2=" ">
    <subfield code="a">pp/exh</subfield>
    <subfield code="e">L4105-24 #42.7</subfield>
  </datafield>
  <datafield tag="985" ind1=" " ind2=" ">
    <subfield code="a">pp/diof</subfield>
  </datafield>
  <datafield tag="991" ind1=" " ind2=" ">
    <subfield code="b">c-P&amp;P</subfield>
    <subfield code="h">LOT 11930,</subfield>
    <subfield code="i">no. 362</subfield>
    <subfield code="v">obj.</subfield>
    <subfield code="w">MUMS VM File</subfield>
  </datafield>
</record>
